%% Created using Papers on Fri, 10 May 2013.
%% http://mekentosj.com/papers/

@article{delaRocha:ua,
author = {de la Rocha, Jaime and Marchetti, Cristina and Schiff, Max and Reyes, Alex D},
title = {{Linking the response properties of cells in auditory cortex with network architecture: cotuning versus lateral inhibition}},
journal = {The Journal of Neuroscience},
year = {2008},
volume = {28},
number = {37},
pages = {9151--9163}
}

@article{Nordlie:2009gy,
author = {Nordlie, Eilen and Gewaltig, Marc-Oliver and Plesser, Hans Ekkehard},
title = {{Towards Reproducible Descriptions of Neuronal Network Models}},
journal = {PLoS Computational Biology},
year = {2009},
volume = {5},
number = {8},
pages = {e1000456},
month = aug
}

@article{Kunkel:2011gj,
author = {Kunkel, Susanne and Diesmann, Markus and Morrison, Abigail},
title = {{Limits to the development of feed-forward structures in large recurrent neuronal networks}},
journal = {Frontiers in Computational Neuroscience},
year = {2011},
volume = {4}
}

@article{Vogels:2011wr,
author = {Vogels, T P and Sprekeler, Henning and Zenke, Friedemann and Clopath, Claudia and Gerstner, Wulfram},
title = {{Inhibitory plasticity balances excitation and inhibition in sensory pathways and memory networks}},
journal = {Science},
year = {2011},
volume = {334},
number = {6062},
pages = {1569--1573}
}

@article{Okun:2008db,
author = {Okun, Michael and Lampl, Ilan},
title = {{Instantaneous correlation of excitation and inhibition during ongoing and sensory-evoked activities}},
journal = {Nature Neuroscience},
year = {2008},
volume = {11},
number = {5},
pages = {535--537},
month = mar
}

@article{Froemke:2007fo,
author = {Froemke, Robert C and Merzenich, Michael M and Schreiner, Christoph E},
title = {{A synaptic memory trace for cortical receptive field plasticity}},
journal = {Nature},
year = {2007},
volume = {450},
number = {7168},
pages = {425--429},
month = nov
}

@article{Wehr:2003hq,
author = {Wehr, Michael and Zador, Anthony M},
title = {{Balanced inhibition underlies tuning and sharpens spike timing in auditory cortex}},
journal = {Nature},
year = {2003},
volume = {426},
number = {6965},
pages = {442--446},
month = nov
}

